% Short conference names
@string{icra = "{IEEE} International Conference on Robotics and Automation ({ICRA})"} 
@string{rss = "Robotics: Science and Systems ({RSS})"}
@string{iros = "{IEEE/RSJ} International Conference on Intelligent Robots and Systems ({IROS})"}
@string{wafr = "{WAFR}"}
@string{ijrr = "{IJRR}"}
@string{tra = "{IEEE} Trans. Robotics and Automation"}
@string{ram = "Robotics \& Automation Magazine"}
@string{ai = "Artificial Intelligence"}
@string{ral = "IEEE Robotics and Automation Letters"}
@string{ar = "Autonomous Robots"}
@string{socs = "Symposium on Combinatorial Search, {SOCS}"}

@article{DB14,
  author    = {Andrew Dobson and
               Kostas E. Bekris},
  title     = {Sparse roadmap spanners for asymptotically near-optimal motion planning},
  journal   = ijrr,
  volume    = {33},
  number    = {1},
  pages     = {18--47},
  year      = {2014}
}

@article{SSAH14,
  author    = {Oren Salzman and
               Doron Shaharabani and
               Pankaj K. Agarwal and
               Dan Halperin},
  title     = {Sparsification of motion-planning roadmaps by edge contraction},
  journal   = ijrr,
  volume    = {33},
  number    = {14},
  pages     = {1711--1725},
  year      = {2014}
}

@inproceedings{CRC03,
  title={Composition of local potential functions for global robot control and navigation},
  author={	Conner, David C. and 
  			Rizzi, Alfred and 
  			Choset, Howie},
  booktitle=iros,
  volume={4},
  pages={3546--3551},
  year={2003}
}

@techreport{CCR06,
author = {	David C. Conner and 
			Howie Choset and 
			Alfred Rizzi},
title = {Integrated Planning and Control for Convex-bodied Nonholonomic systems using Local Feedback Control Policies},
year = {2006},
institution = {Carnegie Mellon University},
address = {Pittsburgh, PA},
number = {CMU-RI-TR-06-34}
}

@inproceedings{PDCL13,
  author    = {Mike Phillips and
               Andrew Dornbush and
               Sachin Chitta and
               Maxim Likhachev},
  title     = {Anytime incremental planning with E-Graphs},
  booktitle = icra,
  pages     = {2444--2451},
  year      = {2013}
}

@inproceedings{PCCL12,
  author    = {Michael Phillips and
               Benjamin J. Cohen and
               Sachin Chitta and
               Maxim Likhachev},
  title     = {E-Graphs: Bootstrapping Planning with Experience Graphs},
  booktitle = rss,
  year      = {2012}
}

@inproceedings{BAG12,
  title={A robot path planning framework that learns from experience},
  author={	Berenson, Dmitry and 
  			Abbeel, Pieter and 
  			Goldberg, Ken},
  booktitle=icra,
  pages={3671--3678},
  year={2012}
}

@inproceedings{CSMOC15,
  title={Experience-based planning with sparse roadmap spanners},
  author={	Coleman, David and 
  			{\c{S}}ucan, Ioan A and 
  			Moll, Mark and 
  			Okada, Kei and 
  			Correll, Nikolaus},
  booktitle=icra,
  pages={900--905},
  year={2015}
}

@inproceedings{KL06,
  title={\href{https://dl.acm.org/citation.cfm?id=1160682}{Real-time adaptive {A}*}},
  author={	Koenig, Sven and 
  			Likhachev, Maxim},
  booktitle={International joint conference on Autonomous agents and multiagent systems},
  pages={281--288},
  year={2006},
  organization={ACM}
}

@article{KS09,
  title={\href{https://link.springer.com/article/10.1007/s10458-008-9061-x}{Comparing real-time and incremental heuristic search for real-time situated agents}},
  author={Koenig, Sven and 
  			Sun, Xiaoxun},
  journal={Autonomous Agents and Multi-Agent Systems},
  volume={18},
  number={3},
  pages={313--341},
  year={2009},
  publisher={Springer}
}

@article{K90,
  title={\href{https://www.sciencedirect.com/science/article/pii/0004370290900544}{Real-time heuristic search}},
  author={Korf, Richard E},
  journal=ai,
  volume={42},
  number={2-3},
  pages={189--211},
  year={1990},
  publisher={Elsevier}
}

@inproceedings{UK17,
  author    = {Tansel Uras and
               Sven Koenig},
  title     = {\href{https://aaai.org/ocs/index.php/SOCS/SOCS17/paper/view/15808}{Feasibility Study: Subgoal Graphs on State Lattices}},
  booktitle = socs,
  pages     = {100--108},
  year      = {2017}
}


@inproceedings{UK18,
  author    = {Tansel Uras and
               Sven Koenig},
  title     = {\href{https://aaai.org/ocs/index.php/SOCS/SOCS18/paper/view/17956}{Fast Near-Optimal Path Planning on State Lattices with Subgoal Graphs}},
  booktitle = socs,
  pages     = {106--114},
  year      = {2018}
}

@inproceedings{paden2017landmark,
  title={\href{https://ieeexplore.ieee.org/stamp/stamp.jsp?tp=&arnumber=8206358&tag=1}{Landmark guided probabilistic roadmap queries}},
  author={Paden, Brian and Nager, Yannik and Frazzoli, Emilio},
  booktitle=iros,
  pages={4828--4834},
  year={2017}
}

@article{YMILV18,
  author    = {Yiming Yang and
               Wolfgang Merkt and
               Vladimir Ivan and
               Zhibin Li and
               Sethu Vijayakumar},
  title     = {\href{https://ieeexplore.ieee.org/stamp/stamp.jsp?arnumber=8110660}{
{HDRM:} {A} Resolution Complete Dynamic Roadmap for Real-Time Motion               Planning in Complex Scenes}},
  journal   = ral,
  volume    = {3},
  number    = {1},
  pages     = {551--558},
  year      = {2018}
}

@inproceedings{berenson2012robot,
  title={\href{https://ieeexplore.ieee.org/document/6224742/}{A robot path planning framework that learns from experience}},
  author={Berenson, Dmitry and Abbeel, Pieter and Goldberg, Ken},
  booktitle=icra,
  pages={3671--3678},
  year={2012}
}

@article{jetchev2013fast,
  title={\href{https://link.springer.com/article/10.1007/s10514-012-9315-y}{Fast motion planning from experience: trajectory prediction for speeding up movement generation}},
  author={Jetchev, Nikolay and Toussaint, Marc},
  journal=ar,
  volume={34},
  number={1-2},
  pages={111--127},
  year={2013},
  publisher={Springer}
}

@inproceedings{MFQSK16,
  author    = {Sean Murray and
               Will Floyd{-}Jones and
               Ying Qi and
               Daniel J. Sorin and
               George Konidaris},
  title     = {\href{http://www.roboticsproceedings.org/rss12/p04.pdf}{Robot Motion Planning on a Chip}},
  booktitle = rss,
  year      = {2016}
}

@ARTICLE{LA18, 
author={Peter Lehner and Alin Albu-Schaffer}, 
journal=ral, 
title={\href{https://ieeexplore.ieee.org/document/8412538/}{The Repetition Roadmap for Repetitive Constrained Motion Planning}}, 
year={2018}, 
volume={}, 
number={}, 
pages={},
note = {to appear}
}

@article{sucan2012open,
  title={\href{http://ieeexplore.ieee.org/stamp/stamp.jsp?tp=&arnumber=6377468}{The open motion planning library}},
  author={\c{S}ucan, Ioan and Moll, Mark and Kavraki, Lydia},
  journal=ram,
  volume={19},
  number={4},
  pages={72--82},
  year={2012},
  publisher={IEEE}
}


@article{koenig2004lifelong,
  title={\href{https://www.sciencedirect.com/science/article/pii/S000437020300225X}{Lifelong planning {A}*}},
  author={Koenig, Sven and Likhachev, Maxim and Furcy, David},
  journal=ai,
  volume={155},
  number={1-2},
  pages={93--146},
  year={2004},
  publisher={Elsevier}
}


@inproceedings{bohlin2000path,
  title={\href{http://ieeexplore.ieee.org/stamp/stamp.jsp?tp=&arnumber=844107}{Path planning using lazy {PRM}}},
  author={Bohlin, Robert and Kavraki, Lydia},
  booktitle=icra,
  volume={1},
  pages={521--528},
  year={2000}
}

@article{kavraki1996probabilistic,
  title={\href{http://ieeexplore.ieee.org/stamp/stamp.jsp?tp=&arnumber=508439}{Probabilistic roadmaps for path planning in high-dimensional configuration spaces}},
  author={Kavraki, Lydia E and {\v{S}}vestka, Petr and Latombe, Jean-Claude and Overmars, Mark H},
  journal=tra,
  volume={12},
  number={4},
  pages={566--580},
  year={1996}
}

@article{KKL98,
  author    = {Lydia E. Kavraki and
               Mihail N. Kolountzakis and
               Jean{-}Claude Latombe},
  title     = {\href{https://ieeexplore.ieee.org/document/660866/}{Analysis of probabilistic roadmaps for path planning}},
  journal   = tra,
  volume    = {14},
  number    = {1},
  pages     = {166--171},
  year      = {1998}
}

@incollection{HSS17,
  author={Dan Halperin and Oren Salzman and Micha Sharir},
  title={Algorithmic motion planning},
  booktitle={Handbook of Discrete and Computational Geometry, Third Edition},
  pages={1311--1342},
  year={2017},
  publisher={CRC Press},
}

@book{L06,
	author={S. M. LaValle},
	title={\href{http://planning.cs.uiuc.edu/}{Planning Algorithms}},
	publisher={Cambridge University Press},
	year={2006}
}

